@article{small,
author = {Doe, John-William},
title = {A small paper},
journal = {The journal of small papers},
year = 1997,
volume = {-1},
note = {to appear},
}

@article{big,
author = {Daniel, Jack},
title = {A big paper},
journal = {The journal of big papers},
year = 7991,
volume = {MCMXCVII},
}

@Book{andre,
  author = 	 {Jacques André},
  ALTeditor = 	 {Jacques André},
  title = 	 {Petites leçons de typographie},
  publisher = 	 {\'Editions du jobet},
  year = 	 {2014},
  url = 	 {http://jacques-andre.fr/faqtypo/lessons.pdf}
}
