@inproceedings{virouleau:hal-01081974,
  TITLE = {{Evaluation of OpenMP Dependent Tasks with the KASTORS Benchmark Suite}},
  AUTHOR = {Virouleau, Philippe and Brunet, Pierrick and Broquedis, Fran{\c c}ois and Furmento, Nathalie and Thibault, Samuel and Aumage, Olivier and Gautier, Thierry},
  URL = {https://hal.inria.fr/hal-01081974},
  BOOKTITLE = {{10th International Workshop on OpenMP, IWOMP2014}},
  PUBLISHER = {{Springer}},
  PAGES = {16 - 29},
  YEAR = {2014},
  MONTH = Sep,
  DOI = {10.1007/978-3-319-11454-5\_2},
  KEYWORDS = {OpenMP ; task dependencies ; benchmarks ; runtime systems ; KASTORS},
  PDF = {https://hal.inria.fr/hal-01081974/file/iwomp2014.pdf},
  HAL_ID = {hal-01081974},
  HAL_VERSION = {v1},
}

@inproceedings{Virouleau:2016:UDD:2990973.2990982,
 author = {Virouleau, Philippe and Broquedis, Fran\c{c}ois and Gautier, Thierry and Rastello, Fabrice},
 title = {Using Data Dependencies to Improve Task-Based Scheduling Strategies on NUMA Architectures},
 booktitle = {Proceedings of the 22Nd International Conference on Euro-Par 2016: Parallel Processing},
 year = {2016},
 isbn = {978-3-319-43658-6},
 pages = {531--544},
 numpages = {14},
 doi = {10.1007/978-3-319-43659-3_39},
 acmid = {2990982},
 keywords = {Benchmark, NUMA, OpenMP, Runtime systems, Scheduling, Task dependencies, Work-stealing, Xkaapi},
} 
